<?xml version="1.0" encoding="UTF-8"?><collection xmlns="http://www.loc.gov/MARC21/slim"><record><leader>00354nam--2200121-i-4500</leader><controlfield tag="001">000008502</controlfield><controlfield tag="002">20161230</controlfield><controlfield tag="005">20161230201027</controlfield><controlfield tag="008">060222s1000------------r-----000-0-eng-d</controlfield><datafield ind1=" " ind2=" " tag="245"><subfield code="a">Directory of graduate research. prepared by the committee on professional training</subfield></datafield><datafield ind1=" " ind2=" " tag="260"><subfield code="a">Washington, American Chemical Society, 1967</subfield></datafield><datafield ind1=" " ind2=" " tag="490"><subfield code="a">Xxvi+1059p</subfield></datafield><datafield ind1=" " ind2=" " tag="852"><subfield code="a">92</subfield></datafield></record></collection>